<record><leader>00000cas a22000007a 4500</leader><controlfield tag="001">17502163</controlfield><controlfield tag="008">880219c19549999lauwn ne      0   a0eng d</controlfield><datafield ind1=" " ind2=" " tag="010"><subfield code="a">sn 88064164 </subfield></datafield><datafield ind1=" " ind2=" " tag="040"><subfield code="a">LNP</subfield><subfield code="b">eng</subfield><subfield code="c">LNP</subfield><subfield code="d">OCL</subfield><subfield code="d">LNP</subfield><subfield code="d">NSD</subfield><subfield code="d">LNP</subfield><subfield code="d">OCLCQ</subfield><subfield code="d">LNP</subfield><subfield code="d">OCLCQ</subfield><subfield code="d">OCLCF</subfield><subfield code="d">OCLCO</subfield></datafield><datafield ind1=" " ind2=" " tag="012"><subfield code="m">1</subfield></datafield><datafield ind1=" " ind2=" " tag="019"><subfield code="a">4219661</subfield></datafield><datafield ind1="1" ind2=" " tag="022"><subfield code="a">1069-2398</subfield><subfield code="l">1069-2398</subfield><subfield code="2">1</subfield></datafield><datafield ind1="1" ind2=" " tag="029"><subfield code="a">AU@</subfield><subfield code="b">000025824727</subfield></datafield><datafield ind1=" " ind2=" " tag="032"><subfield code="a">456060</subfield><subfield code="b">USPS</subfield></datafield><datafield ind1=" " ind2=" " tag="037"><subfield code="b">Rayne Acadian-Tribue, PO Box 260, Rayne, LA 70578</subfield></datafield><datafield ind1=" " ind2=" " tag="042"><subfield code="a">msc</subfield><subfield code="a">nsdp</subfield></datafield><datafield ind1=" " ind2=" " tag="043"><subfield code="a">n-us-la</subfield></datafield><datafield ind1=" " ind2="4" tag="222"><subfield code="a">The Rayne Acadian-tribune</subfield></datafield><datafield ind1="0" ind2="4" tag="245"><subfield code="a">The Rayne Acadian-tribune.</subfield></datafield><datafield ind1="1" ind2="7" tag="246"><subfield code="a">Acadian-tribune</subfield><subfield code="f">1954-19</subfield></datafield><datafield ind1=" " ind2=" " tag="260"><subfield code="a">Rayne, La. :</subfield><subfield code="b">Acadian-Tribune,</subfield><subfield code="c">1954-</subfield></datafield><datafield ind1=" " ind2=" " tag="310"><subfield code="a">Weekly (and first Sunday of the month),</subfield><subfield code="b">Jan. 12, 2003-</subfield></datafield><datafield ind1=" " ind2=" " tag="321"><subfield code="a">Weekly,</subfield><subfield code="b">June 18, 1954-Apr. 1, 1971</subfield></datafield><datafield ind1=" " ind2=" " tag="321"><subfield code="a">Semiweekly,</subfield><subfield code="b">Apr. 5, 1971-Feb. 28, 1993</subfield></datafield><datafield ind1=" " ind2=" " tag="321"><subfield code="a">Weekly,</subfield><subfield code="b">Mar. 4, 1993-Jan. 9, 2003</subfield></datafield><datafield ind1="0" ind2=" " tag="362"><subfield code="a">Vol. 59, no. 37 (June 18, 1954)-</subfield></datafield><datafield ind1=" " ind2=" " tag="500"><subfield code="a">Publisher varies: Louisiana State Newspapers, Inc., &lt;Mar. 4, 1993-&gt;</subfield></datafield><datafield ind1=" " ind2=" " tag="580"><subfield code="a">Merger of: Rayne tribune, and: Weekly Acadian.</subfield></datafield><datafield ind1=" " ind2="0" tag="651"><subfield code="a">Rayne (La.)</subfield><subfield code="v">Newspapers.</subfield></datafield><datafield ind1=" " ind2="7" tag="655"><subfield code="a">Newspapers.</subfield><subfield code="2">fast</subfield><subfield code="0">(OCoLC)fst01423814</subfield></datafield><datafield ind1=" " ind2="7" tag="651"><subfield code="a">Louisiana</subfield><subfield code="z">Rayne.</subfield><subfield code="2">fast</subfield><subfield code="0">(OCoLC)fst01229384</subfield></datafield><datafield ind1=" " ind2=" " tag="752"><subfield code="a">United States</subfield><subfield code="b">Louisiana</subfield><subfield code="c">Acadia</subfield><subfield code="d">Rayne.</subfield></datafield><datafield ind1="1" ind2="4" tag="780"><subfield code="t">Rayne tribune</subfield><subfield code="w">(DLC)sn 88064163</subfield><subfield code="w">(OCoLC)17502154</subfield></datafield><datafield ind1="1" ind2="4" tag="780"><subfield code="t">Weekly Acadian</subfield><subfield code="w">(DLC)sn 88064335</subfield></datafield></record>